@book{ph2013development,
  title={Development Across the Life Span: International Edition},
  author={Feldman, R.S.},
  isbn={9780205956159},
  url={http://books.google.de/books?id=q0zYMwEACAAJ},
  year={2013},
  publisher={Pearson Education, Limited}
}

@book{baron1997mindblindness,
  added-at = {2009-07-21T12:47:37.000+0200},
  author = {Baron-Cohen, S.},
  biburl = {http://www.bibsonomy.org/bibtex/24adc9d1b299a0d497a33f1a9c859562d/poltrock},
  interhash = {f93305426953bd43e745cf50499485be},
  intrahash = {4adc9d1b299a0d497a33f1a9c859562d},
  keywords = {Baron-Cohen_1997},
  publisher = {The MIT Press},
  timestamp = {2009-07-21T12:47:37.000+0200},
  title = {{Mindblindness: An essay on autism and theory of mind}},
  url = {http://scholar.google.de/scholar.bib?q=info:7jGmmCuVdrsJ:scholar.google.com/&output=citation&hl=de&oi=citation},
  year = 1997
}

@INPROCEEDINGS{Demiris2005,
    author = {Yiannis Demiris and Anthony Dearden},
    title = {From motor babbling to hierarchical learning by imitation: A robot developmental pathway},
    booktitle = {Proceedings of the Fifth International Workshop on Epigenetic Robotics: EpiRob},
    pages = {31-37},
    year = {2005}
}

@incollection{Desrochers1995,
  added-at = {2006-07-13T17:11:36.000+0200},
  author = {Desrochers, S. and Morisette, P. and Ricard, M.},
  biburl = {http://www.bibsonomy.org/bibtex/28e71987c3b767d92c3fb544bc997f9d2/hanappe},
  booktitle = {Joint Attention: its origins and role in development},
  editor = {Moore, C. and Dunham, P.J.},
  interhash = {6e721420573860db73df8c255972c836},
  intrahash = {8e71987c3b767d92c3fb544bc997f9d2},
  keywords = {imported},
  pages = {85-101},
  publisher = {Lawrence Erlbaum Associates},
  timestamp = {2006-07-13T17:11:36.000+0200},
  title = {Two perspectives on pointing in infancy},
  year = 1995
}


@book{RethinkingInnateness,
  added-at = {2007-05-25T13:52:32.000+0200},
  author = {Elman, Jeffrey L. and Bates, Elizabeth A. and Johnson, Mark H. and Karmiloff-Smith, Annette and Parisi, Domenico and Plunkett, Kim},
  biburl = {http://www.bibsonomy.org/bibtex/2c34b3082395fbc9a1d936ef949ea3a97/zeno},
  interhash = {503b071f3ac9c545656c4b93f0830a5d},
  intrahash = {c34b3082395fbc9a1d936ef949ea3a97},
  keywords = {1997 book connectionism innateness language linguistics},
  publisher = {MIT Press},
  timestamp = {2007-05-25T13:52:32.000+0200},
  title = {Rethinking {I}nnateness: {A} {C}onnectionist {P}erspective on {D}evelopment},
  year = 1996
}

@Misc{minisom,
author =   {Giuseppe Vettigli},
title =    {{MiniSom}: minimalistic and Numpy based implementation of the Self Organizing Maps},
howpublished = {{https://github.com/JustGlowing/minisom}},
year = {2013}
}

@incollection{Kohonen-1988,
 author = {Kohonen, Teuvo},
 chapter = {Self-organized Formation of Topologically Correct Feature Maps},
 title = {Neurocomputing: Foundations of Research},
 editor = {Anderson, James A. and Rosenfeld, Edward},
 year = {1988},
 isbn = {0-262-01097-6},
 pages = {509--521},
 numpages = {13},
 url = {http://dl.acm.org/citation.cfm?id=65669.104428},
 acmid = {104428},
 publisher = {MIT Press},
 address = {Cambridge, MA, USA}
} 

@article{Kohonen,
  title={Self-organized formation of topologically correct feature maps},
  author={Kohonen, Teuvo},
  journal={Biological cybernetics},
  volume={43},
  number={1},
  pages={59--69},
  year={1982},
  publisher={Springer}
}

@article{helgeritter1990,
year={1990},
issn={0340-0727},
journal={Psychological Research},
volume={52},
number={2-3},
doi={10.1007/BF00877520},
title={Self-organizing maps for internal representations},
url={http://dx.doi.org/10.1007/BF00877520},
publisher={Springer-Verlag},
author={Ritter, Helge},
pages={128-136},
language={English}
}


@incollection{Jansen2004,
year={2004},
isbn={978-3-540-22484-6},
booktitle={Embodied Artificial Intelligence},
volume={3139},
series={Lecture Notes in Computer Science},
editor={Iida, Fumiya and Pfeifer, Rolf and Steels, Luc and Kuniyoshi, Yasuo},
doi={10.1007/978-3-540-27833-7_20},
title={You Did It on Purpose! Towards Intentional Embodied Agents},
url={http://dx.doi.org/10.1007/978-3-540-27833-7_20},
publisher={Springer Berlin Heidelberg},
author={Jansen, Bart and Boer, Bart and Belpaeme, Tony},
pages={271-277}
}

@inproceedings{Bodiroza2013,
author = "Sa\v{s}a Bodiro\v{z}a and Aleksandar Jevti\'{c} and Bruno Lara and Verena V. Hafner",
title = "Learning Motion Control for Guiding a Robot using Gestures",
booktitle = "4th Israeli Conference on Robotics ({ICR}2013)",
year = 2013
}
 

@conference {MartinezRitterSchulten1988-KSO,
	title = {Kohonens Self-Organizing Maps for Modeling the Formation of the Auditory Cortex of a Bat},
	booktitle = {SGAICO-Proceedings Connectionism in Perspective},
	year = {1988},
	pages = {403-412},
	address = {Z{\"u}rich},
	author = {Thomas Martinetz and Helge Ritter and Klaus Schulten}
}

@phdthesis{Metta2000,
    author = {Giorgio Metta},
    title = {Babyrobot -- A study on sensori-motor development},
    publisher = {LIRA-Lab, DIST, University of Genova},
    year = {2000}
}

@INPROCEEDINGS{Lungarella2003,
    author = {Max Lungarella and Giorgio Metta},
    title = {Beyond Gazing, Pointing, and Reaching: A Survey of Developmental Robotics},
    booktitle = {Epigenetic Robotics},
    year = {2003},
    pages = {81--89}
}

@Misc{minisom,
author =   {Giuseppe Vettigli},
title =    {{MiniSom}: minimalistic and Numpy based implementation of the Self 
Organizing Maps},
howpublished = {{https://github.com/JustGlowing/minisom}},
year = {2013}
}

@TECHREPORT{tdp10,
author = {Hans-Dieter Burkhard and Florian Holzhauer and Thomas Krause and
Heinrich Mellmann and Claas Norman Ritter and Oliver Welter and Yuan
Xu},
title = {NAO-Team Humboldt 2010},
institution = {Humboldt Universit√§t zu Berlin},
year = {2010},
owner = {Heinrich Mellmann},
timestamp = {2010.02.03},
url = 
{http://www.naoteamhumboldt.de/wp-content/uploads/2010/02/NaoTH10Description.pdf
}
}

@ARTICLE{Hafner2011,  
 AUTHOR={Hafner, Verena V. and Schillaci, Guido},        
TITLE={From field of view to field of reach - could pointing emerge from the development of grasping?},          
JOURNAL={Frontiers in Computational Neuroscience},          
VOLUME={},          
YEAR={2011},        
URL={http://www.frontiersin.org/computational_neuroscience/10.3389/conf.fncom.2011.52.00017/abstract},      
DOI={10.3389/conf.fncom.2011.52.00017},
ISSN={1662-5188}
}

@ARTICLE{Kaplan2006,
    author = {Frederic Kaplan and Verena V. Hafner},
    title = {The Challenges of Joint Attention},
    journal = {Interaction Studies},
    year = {2006},
    volume = {7},
    number = 2,
    pages = {135-169}
}

@inproceedings{SchillaciH11,
  added-at = {2011-03-10T00:00:00.000+0100},
  author = {Schillaci, Guido and Hafner, Verena Vanessa},
  biburl = {http://www.bibsonomy.org/bibtex/2c8303a151403539060e81ca427b6b836/dblp},
  booktitle = {HRI},
  editor = {Billard, Aude and Jr., Peter H. Kahn and Adams, Julie A. and Trafton, J. Gregory},
  ee = {http://doi.acm.org/10.1145/1957656.1957753},
  interhash = {591a7b1a44e59dcfcd1f47fbc81757ed},
  intrahash = {c8303a151403539060e81ca427b6b836},
  isbn = {978-1-4503-0561-7},
  keywords = {dblp},
  pages = {245-246},
  publisher = {ACM},
  timestamp = {2011-03-10T00:00:00.000+0100},
  title = {Random movement strategies in self-exploration for a humanoid robot.},
  url = {http://dblp.uni-trier.de/db/conf/hri/hri2011.html#SchillaciH11},
  year = 2011
}


@article{Schillaci2013,
  year={2013},
  issn={1875-4791},
  journal={International Journal of Social Robotics},
  volume={5},
  number={1},
  doi={10.1007/s12369-012-0174-7},
  title={Evaluating the Effect of Saliency Detection and Attention Manipulation in Human-Robot Interaction},
  url={http://dx.doi.org/10.1007/s12369-012-0174-7},
  publisher={Springer Netherlands},
  keywords={Measuring interaction; Attentional models; Multimodal interaction; Human-robot interaction; Proxemics},
  author={Schillaci, Guido and Bodiro\v{z}a, Sa\v{s}a and Hafner, Verena Vanessa},
  pages={139-152},
  language={English}

}

@conference {MartinezRitterSchulten1988,
	title = {Kohonens Self-Organizing Maps for Modeling the Formation of the Auditory Cortex of a Bat},
	booktitle = {SGAICO-Proceedings Connectionism in Perspective},
	year = {1988},
	pages = {403-412},
	address = {Z{\"u}rich},
	author = {Thomas Martinetz and Helge Ritter and Klaus Schulten}
}


@article{merzenich:amputation,
  added-at = {2008-03-11T14:52:34.000+0100},
  author = {Merzenich, M. M. and Nelson, Randall J. and Stryker, Michael P. and Cynader, Max S. and Schoppmann, Axel and Zook, John M.},
  biburl = {http://www.bibsonomy.org/bibtex/294e9563ceb5a600f28886cf18c1ea576/idsia},
  citeulike-article-id = {2378067},
  interhash = {650ddf54a5b0fb3d1377f783925f796f},
  intrahash = {94e9563ceb5a600f28886cf18c1ea576},
  journal = {Journal of Comparative Neurology},
  keywords = {nn},
  pages = {591--605},
  priority = {2},
  timestamp = {2008-03-11T14:52:34.000+0100},
  title = {Somatosensory Cortical Map Changes Following Digit Amputation in Adult Monkeys},
  volume = 224,
  year = 1984
}

@article{Farah98,
  added-at = {2011-11-17T00:00:00.000+0100},
  author = {Farah, Martha J.},
  biburl = {http://www.bibsonomy.org/bibtex/2a05f87dbcd54b1c717b9d3523ef71416/dblp},
  ee = {http://dx.doi.org/10.1162/089976698300016936},
  interhash = {ed738c08fb21990acc4fb1a7c93f7802},
  intrahash = {a05f87dbcd54b1c717b9d3523ef71416},
  journal = {Neural Computation},
  keywords = {dblp},
  number = 8,
  pages = {1983-1985},
  timestamp = {2011-11-17T00:00:00.000+0100},
  title = {Why Does the Somatosensory Homunculus Have Hand Next to Face and Feet Next to Genitals?: An Hypothesis.},
  url = {http://dblp.uni-trier.de/db/journals/neco/neco10.html#Farah98},
  volume = 10,
  year = 1998
}


@article{malsburg73,
year={1973},
issn={0023-5946},
journal={Kybernetik},
volume={14},
number={2},
doi={10.1007/BF00288907},
title={Self-organization of orientation sensitive cells in the striate cortex},
url={http://dx.doi.org/10.1007/BF00288907},
publisher={Springer-Verlag},
author={Malsburg, Chr.},
pages={85-100},
language={English}
}


@ARTICLE{Meltzoff97,
    author = {Andrew N. Meltzoff and M. Keith Moore},
    title = {Explaining facial imitation: a theoretical model},
    journal = {Early Development and Parenting},
    year = {1997},
    volume = {6},
    pages = {179--192}
}
@ARTICLE{Morse2010,
author={Morse, A.F. and de Greeff, J. and Belpaeme, T. and Cangelosi, A.},
journal={Autonomous Mental Development, IEEE Transactions on},
title={Epigenetic Robotics Architecture (ERA)},
year={2010},
volume={2},
number={4},
pages={325-339},
keywords={cognition;humanoid robots;learning (artificial intelligence);mobile robots;psychology;cognitive architectures;cognitive sciences;epigenetic robotics architecture;psychological phenomena;Cognitive robotics;Cognitive science;Computer architecture;Psychology;Robot sensing systems;Cognitive robotics architecture;concept use;conceptual learning through development;ongoing development;scalable and generality;transparent modeling;using robots to study development and learning},
doi={10.1109/TAMD.2010.2087020},
ISSN={1943-0604}
}

@article{Westerman02modellingthe,
    author = {Gert Westerman and Eduardo Reck Miranda},
    title = {Modelling the Development of Mirror Neurons for Auditory-Motor Integration},
    journal = "Journal of New Music Research",
    volume = 31,
    number = 4,
    pages = {367-375},
    year = {2002}
}

@article {COGS:COGS716,
author = {Li, Ping and Zhao, Xiaowei and Mac Whinney, Brian},
title = {Dynamic Self-Organization and Early Lexical Development in Children},
journal = {Cognitive Science},
volume = {31},
number = {4},
publisher = {Blackwell Publishing Ltd},
issn = {1551-6709},
url = {http://dx.doi.org/10.1080/15326900701399905},
doi = {10.1080/15326900701399905},
pages = {581--612},
keywords = {Language acquisition, Vocabulary spurt, Word learning, Neural networks, Self-organization, DevLex},
year = {2007},
}

@INPROCEEDINGS{Konczak04neuraldevelopment,
    author = {J√ºrgen Konczak},
    title = {Neural development and sensorimotor control},
    booktitle = {In Proceedings Fourth International Workshop on Epigenetic Robotics: Modeling Cognitive Development in Robotic Systems},
    year = {2004},
    pages = {11--13}
}

@incollection{Obermayer:1990,
  added-at = {2009-06-26T15:25:19.000+0200},
  address = {North-Holland, Amsterdam},
  author = {Obermayer, K. and Ritter, H. and Schulten, K.},
  biburl = {http://www.bibsonomy.org/bibtex/2daf73d79656a6141fbe23f421906ec45/butz},
  booktitle = {Parallel Processing in Neural Systems and Computers},
  description = {diverse cognitive systems bib},
  editor = {Eckmiller, R. and Hartmann, G. and Hausk, G.},
  journal = {Parallel Processing in Neural Systems and Computers},
  keywords = {imported},
  owner = {butz},
  pages = {71-74},
  timestamp = {2009-06-26T15:25:19.000+0200},
  title = {Large-scale simulation of a self-organizing neural network: Formation
	of a Somatotopic map},
  year = 1990
}

@INPROCEEDINGS{Saegusa2009,
author={Saegusa, R. and Metta, G. and Sandini, Giulio and Sakka, S.},
booktitle={Robotics and Biomimetics, 2008. ROBIO 2008. IEEE International Conference on},
title={Active motor babbling for sensorimotor learning},
year={2009},
pages={794-799},
keywords={Biomimetics;Cognitive robotics;Humanoid robots;Inverse problems;Kinematics;Motor drives;Predictive models;Robot sensing systems;Sampling methods;Sensor systems;confidence;humanoid robot;neural networks;sensorimotor learning;state prediction},
doi={10.1109/ROBIO.2009.4913101}
}


@incollection{Tomasello1995,
  added-at = {2006-07-13T17:11:36.000+0200},
  author = {Tomasello, M.},
  biburl = {http://www.bibsonomy.org/bibtex/232da0a57b81035acfda655ee97bbaab1/hanappe},
  booktitle = {Joint attention: its origins and role in development},
  editor = {Moore, C. and Dunham, P.J.},
  interhash = {67d9ea61419b3bcbc2e8d36c9675f9ba},
  intrahash = {32da0a57b81035acfda655ee97bbaab1},
  keywords = {imported},
  pages = {103-130},
  publisher = {Lawrence Erlbaum Associates},
  timestamp = {2006-07-13T17:11:36.000+0200},
  title = {Joint attention as social cognition},
  year = 1995
}

@article{Parpia2011,
  title={Reappraisal of the somatosensory homunculus and its discontinuities},
  author={Parpia, Pasha},
  journal={Neural computation},
  volume={23},
  number={12},
  pages={3001--3015},
  year={2011},
  publisher={MIT Press}
}

@Article{SCI:Gil2007d,
  author =    "J.H. Gilmore and W. Lin and M.W. Prastawa and C.B.
              Looney and Y.S.K. Vetsa and R.C. Knickmeyer and
              D.D. Evans and J.K. Smith and R.M. Hamer and J.A.
              Lieberman and G. Gerig",
  title =     "Regional Gray Matter Growth, Sexual Dimorphism,
              and Cerebral Asymmetry in the Neonatal Brain",
  journal =   "Journal of Neuroscience",
  volume =    "27",
  number =    "6",
  pages =     "1255--1260",
  year =      "2007",
  keywords =  "ucnia",
}

@article{Nowakowski,
    abstract = {{10.1073/pnas.0605605103}},
    author = {Nowakowski, Richard S.},
    day = {15},
    doi = {10.1073/pnas.0605605103},
    journal = {Proceedings of the National Academy of Sciences},
    keywords = {ageing, cellular, developement, neuron},
    month = aug,
    number = {33},
    pages = {12219--12220},
    pmid = {16894140},
    posted-at = {2008-02-27 22:06:38},
    priority = {2},
    title = {{Stable neuron numbers from cradle to grave}},
    url = {http://dx.doi.org/10.1073/pnas.0605605103},
    volume = {103},
    year = {2006}
}

@article{Krieg63,
author = {Wendell J. S. Krieg},
title = {The postnatal development of the human cerebral cortex. vol vii: The cortex of the four-year child},
journal = {JAMA},
volume = {185},
number = {10},
pages = {810},
year = {1963},
doi = {10.1001/jama.1963.03060100090037},
URL = { + http://dx.doi.org/10.1001/jama.1963.03060100090037},
eprint = {/data/Journals/JAMA/18901/jama_185_10_037.pdf}
}

@article{GreenoughBlackWallace87,
  added-at = {2008-09-16T23:39:07.000+0200},
  author = {Greenough, W. T. and Black, J. E. and Wallace, C. S.},
  biburl = {http://www.bibsonomy.org/bibtex/2d2c39692b5d0776e9f28cb259ca8a0ac/brian.mingus},
  description = {CCNLab BibTeX},
  interhash = {1ac2e35914964b236ea2d9faf8e2cae4},
  intrahash = {d2c39692b5d0776e9f28cb259ca8a0ac},
  journal = {Child Development},
  keywords = {bio},
  pages = {539-559},
  timestamp = {2008-09-16T23:39:07.000+0200},
  title = {Experience and Brain Development},
  volume = 58,
  year = 1987
}

@book{ibmdeepblue,
 author = {Hsu, Feng-Hsiung},
 title = {Behind Deep Blue: Building the Computer That Defeated the World Chess Champion},
 year = {2002},
 isbn = {0691090653},
 publisher = {Princeton University Press},
 address = {Princeton, NJ, USA},
} 

@article{Weizenbaum66,
 author = {Weizenbaum, Joseph},
 title = {ELIZA: a Computer Program for the Study of Natural Language Communication Between Man and Machine},
 journal = {Commun. ACM},
 issue_date = {Jan. 1966},
 volume = {9},
 number = {1},
 month = jan,
 year = {1966},
 issn = {0001-0782},
 pages = {36--45},
 numpages = {10},
 url = {http://doi.acm.org/10.1145/365153.365168},
 doi = {10.1145/365153.365168},
 acmid = {365168},
 publisher = {ACM},
 address = {New York, NY, USA},
} 
@article{Anderson1997,
 author = {Anderson, John R. and Matessa, Michael and Lebiere, Christian},
 title = {ACT-R: A Theory of Higher Level Cognition and Its Relation to Visual Attention},
 journal = {Hum.-Comput. Interact.},
 issue_date = {December 1997},
 volume = {12},
 number = {4},
 month = dec,
 year = {1997},
 issn = {0737-0024},
 pages = {439--462},
 numpages = {24},
 url = {http://dx.doi.org/10.1207/s15327051hci1204_5},
 doi = {10.1207/s15327051hci1204_5},
 acmid = {1462984},
 publisher = {L. Erlbaum Associates Inc.},
 address = {Hillsdale, NJ, USA},
} 

@article{Laird87,
 author = {Laird, John E. and Newell, Allen and Rosenbloom, Paul S.},
 title = {SOAR: An Architecture for General Intelligence},
 journal = {Artif. Intell.},
 issue_date = {Sept. 1987},
 volume = {33},
 number = {1},
 month = sep,
 year = {1987},
 issn = {0004-3702},
 pages = {1--64},
 numpages = {64},
 url = {http://dx.doi.org/10.1016/0004-3702(87)90050-6},
 doi = {10.1016/0004-3702(87)90050-6},
 acmid = {27702},
 publisher = {Elsevier Science Publishers Ltd.},
 address = {Essex, UK},
} 

@article{Markram201139,
title = "Introducing the Human Brain Project ",
journal = "Procedia Computer Science ",
volume = "7",
number = "0",
pages = "39 - 42",
year = "2011",
note = "Proceedings of the 2nd European Future Technologies Conference and Exhibition 2011 (FET 11) ",
issn = "1877-0509",
doi = "http://dx.doi.org/10.1016/j.procs.2011.12.015",
url = "http://www.sciencedirect.com/science/article/pii/S1877050911006806",
author = "Henry Markram and Karlheinz Meier and Thomas Lippert and Sten Grillner and Richard Frackowiak and Stanislas Dehaene and Alois Knoll and Haim Sompolinsky and Kris Verstreken and Javier DeFelipe and Seth Grant and Jean-Pierre Changeux and Alois Saria",
keywords = "Human brain",
keywords = "neuroscience",
keywords = "neuroinformatics",
keywords = "modeling",
keywords = "simulation",
keywords = "supercomputing",
keywords = "\{HPC\}",
keywords = "medicine",
keywords = "neuromorphics",
keywords = "neuroprosthetics",
keywords = "neurorobotics "
}

@article{eliasmith_large-scale_2012,
  added-at = {2014-01-19T13:45:35.000+0100},
  author = {Eliasmith, Chris and Stewart, Terrence C. and Choo, Xuan and Bekolay, Trevor and {DeWolf}, Travis and Tang, Yichuan and Rasmussen, Daniel},
  bdsk-url-1 = {http://www.sciencemag.org/content/338/6111/1202},
  bdsk-url-2 = {http://dx.doi.org/10.1126/science.1225266},
  biburl = {http://www.bibsonomy.org/bibtex/2250ec09eb7a73944e576b6ae76a9709c/neurokernel},
  doi = {10.1126/science.1225266},
  interhash = {ef0127ea270cf744497e874460de3789},
  intrahash = {250ec09eb7a73944e576b6ae76a9709c},
  issn = {0036-8075, 1095-9203},
  journal = {Science},
  keywords = {simulation},
  month = nov,
  number = 6111,
  pages = {1202--1205},
  timestamp = {2014-01-19T13:45:35.000+0100},
  title = {A Large-Scale Model of the Functioning Brain},
  url = {http://www.sciencemag.org/content/338/6111/1202},
  urldate = {2012-12-02},
  volume = 338,
  year = 2012
}

% 3527709 
@Article{singer86,
   Author="Singer, W. ",
   Title="{{T}he brain as a self-organizing system}",
   Journal="Eur Arch Psychiatry Neurol Sci",
   Year="1986",
   Volume="236",
   Number="1",
   Pages="4--9"
}

@article{Kurt1991251,
    author = {Kurt and Hornik},
    citeulike-article-id = {10393099},
    citeulike-linkout-0 = {http://www.sciencedirect.com/science/article/pii/089360809190009T},
    citeulike-linkout-1 = {http://dx.doi.org/10.1016/0893-6080(91)90009-T},
    doi = {10.1016/0893-6080(91)90009-T},
    journal = {Neural Networks},
    keywords = {approximation, duckling, feed-forward, feedforward, free, lunch, multilayer, network, networks, neural, no, theorem, ugly, universal},
    number = {2},
    pages = {251--257},
    posted-at = {2012-02-28 13:19:09},
    priority = {2},
    title = {{Approximation capabilities of multilayer feedforward networks}},
    url = {http://www.sciencedirect.com/science/article/pii/089360809190009T},
    volume = {4},
    year = {1991}
}

@ARTICLE{Martinetz, 
author={Martinetz, T.M. and Ritter, H.J. and Schulten, K.J.}, 
journal={Neural Networks, IEEE Transactions on}, 
title={Three-dimensional neural net for learning visuomotor coordination of a robot arm}, 
year={1990}, 
month={Mar}, 
volume={1}, 
number={1}, 
pages={131-136}, 
keywords={closed loop systems;learning systems;neural nets;position control;robots;3D neural nets;Widrow-Hoff learning rule;artificial intelligence;error-correction scheme;machine learning;position control;positioning error;robot arm;self-organizing mapping algorithm;visuomotor coordination;Biological systems;Cameras;Motor drives;Neural networks;Parallel robots;Robot control;Robot kinematics;Robot vision systems;System testing;Topology}, 
doi={10.1109/72.80212}, 
ISSN={1045-9227},}

@book{Pfeifer2006,
 author = {Pfeifer, Rolf and Bongard, Josh C.},
 title = {How the Body Shapes the Way We Think: A New View of Intelligence (Bradford Books)},
 year = {2006},
 isbn = {0262162393},
 publisher = {The MIT Press},
} 

@article{Mingers01,
  author = {Mingers, John},
  biburl = {http://www.bibsonomy.org/bibtex/2f95b0863f8b95ef0fdf3afda48138d03/dblp},
  ee = {http://dx.doi.org/10.1016/S1471-7727(00)00005-1},
  interhash = {1b919481f55586f9c758aeb7ea967345},
  intrahash = {f95b0863f8b95ef0fdf3afda48138d03},
  journal = {Information and Organization},
  keywords = {dblp},
  number = 2,
  pages = {103-128},
  timestamp = {2013-06-12T00:00:00.000+0200},
  title = {Embodying information systems: the contribution of phenomenology.},
  url = {http://dblp.uni-trier.de/db/journals/iando/iando11.html#Mingers01},
  volume = 11,
  year = 2001
}


@article{Marggie94,
year={1994},
issn={0941-0643},
journal={Neural Computing and Applications},
volume={2},
number={1},
doi={10.1007/BF01423095},
title={Using neural networks to learn hand-eye co-ordination},
url={http://dx.doi.org/10.1007/BF01423095},
publisher={Springer-Verlag},
keywords={Hand-eye co-ordination; Kohones network; Neural networks},
author={Jones, Marggie and Vernon, David},
pages={2-12},
language={English}
}

@Article{pmid9455172,
   Author={Gilmore, R. O.  and Johnson, M. H. },
   Title={Body-centered representations for visually-guided action emerge during early infancy},
   Journal={Cognition},
   Year={1997},
   Volume={65},
   Number={1},
   Pages={1--9},
   Month={Dec}
}

@book{LakoffJohnson80,
  added-at = {2012-05-30T10:49:48.000+0200},
  address = {Chicago},
  author = {Lakoff, George and Johnson, Mark},
  biburl = {http://www.bibsonomy.org/bibtex/28c59e91679dc6ae18dd576f6ef87b10e/flint63},
  file = {Amazon Search inside:http\://www.amazon.de/gp/reader/0226468003/:URL},
  groups = {public},
  interhash = {6f7be595042d359dafc88e78aef0274f},
  intrahash = {8c59e91679dc6ae18dd576f6ef87b10e},
  isbn = {978-0-226-46800-6},
  keywords = {v1205 book cognitive science language processing semantic knowledge},
  publisher = {University of Chicago Press},
  timestamp = {2012-05-30T10:49:48.000+0200},
  title = {Metaphors we Live by},
  username = {flint63},
  year = 1980
}

@book{varela06,
  added-at = {2013-05-21T01:13:44.000+0200},
  author = {Varela, Francisco J. and Thompson, Evan T. and Rosch, Eleanor},
  biburl = {http://www.bibsonomy.org/bibtex/24435a6e2a3a825821274127b45a2c389/jeahex},
  day = 13,
  description = {CiteULike: The Embodied Mind: Cognitive Science and Human Experience},
  edition = {New edition},
  howpublished = {Paperback},
  interhash = {ba1f9da16acdac983e4175566f088b08},
  intrahash = {4435a6e2a3a825821274127b45a2c389},
  isbn = {0262720213},
  keywords = {BA-Pr√ºfungsliteratur KWMaster KWMbachelor cognitive-science embodiment human-experience},
  month = {November},
  posted-at = {2006-02-19 22:04:13},
  priority = {2},
  publisher = {The MIT Press},
  timestamp = {2013-05-21T01:13:44.000+0200},
  title = {The Embodied Mind: Cognitive Science and Human Experience},
  url = {http://www.amazon.com/exec/obidos/redirect?tag=citeulike07-20\&path=ASIN/0262720213},
  year = 1992
}

@book{plasticq,
  added-at = {2010-06-10T21:41:08.000+0200},
  address = {Cambridge, MA},
  author = {Clark, Andy},
  biburl = {http://www.bibsonomy.org/bibtex/23e0c375e9d86f65203be7c963cfb64f8/orestesmantra},
  description = {plasticity consciousness},
  interhash = {fa1c0c4de0ecd9ee65d382fa7eec22f9},
  intrahash = {3e0c375e9d86f65203be7c963cfb64f8},
  keywords = {4EA extended-mind plasticq},
  publisher = {MIT Press},
  timestamp = {2010-06-10T21:41:08.000+0200},
  title = {Being There: Putting Brain, Body, and World Together Again },
  year = 1997
}

@inproceedings{KajicSBH14,
 author = {Kaji\'{c}, Ivana and Schillaci, Guido and Bodiro\v{z}a, Sa\v{s}a and Hafner, Verena V.},
 title = {Learning Hand-eye Coordination for a Humanoid Robot Using SOMs},
 booktitle = {Proceedings of the 2014 ACM/IEEE International Conference on Human-robot Interaction},
 series = {HRI '14},
 year = {2014},
 isbn = {978-1-4503-2658-2},
 location = {Bielefeld, Germany},
 pages = {192--193},
 numpages = {2},
 url = {http://doi.acm.org/10.1145/2559636.2559816},
 doi = {10.1145/2559636.2559816},
 acmid = {2559816},
 publisher = {ACM},
 address = {New York, NY, USA},
 keywords = {cognitive robotics, hri, sensorimotor coupling},
} 

@inproceedings{KajicWS14,
 author = {Kaji\'{c}, Ivana and Schillaci, Guido and Bodiro\v{z}a, Sa\v{s}a and Hafner, Verena V.},
 title = {A Biologically Inspired Model for Coding Sensorimotor Experience Leading to the Development of Pointing Behaviour in a Humanoid Robot},
 booktitle = {Workshop on "HRI: a bridge between Robotics and Neuroscience" at the 2014 ACM/IEEE International Conference on Human-robot Interaction},
 series = {HRI '14},
 year = {2014},
 location = {Bielefeld, Germany},
} 

@incollection{marler84,
year={1984},
isbn={978-3-642-70096-5},
booktitle={The Biology of Learning},
volume={29},
series={Dahlem Workshop Reports},
editor={Marler, P. and Terrace, H.S.},
doi={10.1007/978-3-642-70094-1_5},
title={The Study of Animal Learning in the Tradition of Pavlov and Thorndike},
url={http://dx.doi.org/10.1007/978-3-642-70094-1_5},
publisher={Springer Berlin Heidelberg},
author={Jenkins, H.M.},
pages={89-114},
language={English}
}

@article {INFA:INFA186,
author = {Camaioni, Luigia and Perucchini, Paola and Bellagamba, Francesca and Colonnesi, Cristina},
title = {The Role of Declarative Pointing in Developing a Theory of Mind},
journal = {Infancy},
volume = {5},
number = {3},
publisher = {Blackwell Publishing Ltd},
issn = {1532-7078},
url = {http://dx.doi.org/10.1207/s15327078in0503_3},
doi = {10.1207/s15327078in0503_3},
pages = {291--308},
year = {2004},
}

@inproceedings{SchillaciHLG13,
  author    = {Guido Schillaci and
               Verena Vanessa Hafner and
               Bruno Lara and
               Marc Grosjean},
  title     = {Is that me?: sensorimotor learning and self-other distinction
               in robotics},
  booktitle = {HRI},
  year      = {2013},
  pages     = {223-224},
  ee        = {http://dl.acm.org/citation.cfm?id=2447648},
  crossref  = {DBLP:conf/hri/2013},
  bibsource = {DBLP, http://dblp.uni-trier.de}
}

@inproceedings{SchillaciLH12,
  author    = {Guido Schillaci and
               Bruno Lara and
               Verena V. Hafner},
  title     = {Internal Simulations for Behaviour Selection and Recognition},
  booktitle = {HBU},
  year      = {2012},
  pages     = {148-160},
  ee        = {http://dx.doi.org/10.1007/978-3-642-34014-7_13},
  crossref  = {DBLP:conf/hbu/2012},
  bibsource = {DBLP, http://dblp.uni-trier.de}
}

@article{olsson2006,
  added-at = {2009-06-26T15:25:19.000+0200},
  author = {Olsson, L. A. and Nehaniv, C. L. and Polani, D.},
  biburl = {http://www.bibsonomy.org/bibtex/2c7944ecd3e81f01f9c1689cfcb094307/butz},
  description = {diverse cognitive systems bib},
  interhash = {44d81a6d05003aeb00e24aac197b63fb},
  intrahash = {c7944ecd3e81f01f9c1689cfcb094307},
  journal = {Connection Science},
  keywords = {imported},
  owner = {butz},
  pages = {121¬ñ144},
  timestamp = {2009-06-26T15:25:19.000+0200},
  title = {From Unknown Sensors and Actuators to Actions Grounded in Sensorimotor
	Perceptions},
  volume = 18,
  year = 2006
}

@article{baranes2013,
  author    = {Adrien Baranes and
               Pierre-Yves Oudeyer},
  title     = {Active Learning of Inverse Models with Intrinsically Motivated
               Goal Exploration in Robots},
  journal   = {CoRR},
  volume    = {abs/1301.4862},
  year      = {2013},
  ee        = {http://arxiv.org/abs/1301.4862},
  bibsource = {DBLP, http://dblp.uni-trier.de}
}

@inproceedings {rolfs2012,
	author = {Matthias Rolf and Jochen J. Steil},
	title = {Goal Babbling: a New Concept for Early Sensorimotor Exploration},
	journal = {Proceedings of Humanoids 2012 Workshop on Developmental Robotics: Can developmental robotics yield human-like cognitive abilities?},
	year = {2012},
	month = {11/2012},
	pages = {40-43},
	publisher = {IEEE},
	address = {Osaka},
	keywords = {CoR-Lab Publication},
	url = {http://www.cns.atr.jp/~emre/Humanoids2012-DevRobWS/papers/proceedings.pdf},
	attachments = {http://www.cor-lab.de/system/files/RolfSteil2012-DevRob-GoalBabbling.pdf},
	
}

@article{piaget73,
author = {Jean Piaget},
title = {Main Trends In Psychology. London: George Allen and Unwin},
journal = {Psychological Medicine},
volume = {3},
issue = {04},
month = {11},
year = {1973},
issn = {1469-8978},
pages = {538--538},
numpages = {1},
doi = {10.1017/S0033291700054702},
URL = {http://journals.cambridge.org/article_S0033291700054702},
}


@book{Vyg78,
  added-at = {2010-09-01T08:39:51.000+0200},
  address = {Cambridge, MA},
  author = {Vygotsky, L. S.},
  biburl = 
{http://www.bibsonomy.org/bibtex/2be59c75825fa6899814c3b9ef3a88029/ajlakanen},
  description = {Social Development Theory (Vygotsky) at Learning Theories},
  interhash = {d532b4855bd02684fdcde92e5a807ae9},
  intrahash = {be59c75825fa6899814c3b9ef3a88029},
  keywords = {development jypeli mental processes social_constructivism 
society},
  publisher = {Harvard University Press},
  timestamp = {2010-09-01T08:39:51.000+0200},
  title = {Mind and society: The Development of Higher Mental Processes},
  url = 
{http://www.learning-theories.com/vygotskys-social-learning-theory.html},
  year = 1978
}


