@ARTICLE{Hafner2011,  
  AUTHOR={Hafner, Verena V. and Schillaci, Guido},        
  TITLE={From field of view to field of reach - could pointing emerge from the development of grasping?},          
  JOURNAL={Frontiers in Computational Neuroscience},          
  VOLUME={},          
  YEAR={2011},        
  URL={http://www.frontiersin.org/computational_neuroscience/10.3389/conf.fncom.2011.52.00017/abstract},      
  DOI={10.3389/conf.fncom.2011.52.00017},
  ISSN={1662-5188}
}
